<record><leader>00000cas a22000007a 4500</leader><controlfield tag="001">20126890</controlfield><controlfield tag="008">890804d18891899nyuwr ne      0    0eng d</controlfield><datafield ind1=" " ind2=" " tag="010"><subfield code="a">sn 89071352 </subfield></datafield><datafield ind1=" " ind2=" " tag="040"><subfield code="a">NYG</subfield><subfield code="b">eng</subfield><subfield code="c">NYG</subfield><subfield code="d">NYS</subfield><subfield code="d">OCLCQ</subfield><subfield code="d">OCLCF</subfield><subfield code="d">OCLCO</subfield></datafield><datafield ind1=" " ind2=" " tag="042"><subfield code="a">msc</subfield></datafield><datafield ind1=" " ind2=" " tag="043"><subfield code="a">n-us-ny</subfield></datafield><datafield ind1="0" ind2="4" tag="245"><subfield code="a">The Wide-awake Herkimer County record.</subfield></datafield><datafield ind1=" " ind2=" " tag="260"><subfield code="a">Middleville, N.Y. :</subfield><subfield code="b">Geo. W. Nellis, Jr.,</subfield><subfield code="c">1889-1899.</subfield></datafield><datafield ind1=" " ind2=" " tag="300"><subfield code="a">10 v. :</subfield><subfield code="b">ill. ;</subfield><subfield code="c">60 cm.</subfield></datafield><datafield ind1=" " ind2=" " tag="310"><subfield code="a">Weekly</subfield></datafield><datafield ind1="0" ind2=" " tag="362"><subfield code="a">2nd year, no. 1 (Dec. 20, 1889)-11th year, no. 21 (Apr. 29, 1900).</subfield></datafield><datafield ind1=" " ind2=" " tag="500"><subfield code="a">"Purity, Progress, Independence."</subfield></datafield><datafield ind1=" " ind2=" " tag="500"><subfield code="a">Also published at Herkimer, N.Y.</subfield></datafield><datafield ind1=" " ind2="0" tag="651"><subfield code="a">Herkimer (N.Y.)</subfield><subfield code="v">Newspapers.</subfield></datafield><datafield ind1=" " ind2="0" tag="651"><subfield code="a">Herkimer County (N.Y.)</subfield><subfield code="v">Newspapers.</subfield></datafield><datafield ind1=" " ind2="4" tag="651"><subfield code="a">Middleville (N.Y.)</subfield><subfield code="v">Newspapers.</subfield></datafield><datafield ind1=" " ind2="7" tag="655"><subfield code="a">Newspapers.</subfield><subfield code="2">fast</subfield><subfield code="0">(OCoLC)fst01423814</subfield></datafield><datafield ind1=" " ind2="7" tag="651"><subfield code="a">New York (State)</subfield><subfield code="z">Herkimer.</subfield><subfield code="2">fast</subfield><subfield code="0">(OCoLC)fst01213041</subfield></datafield><datafield ind1=" " ind2="7" tag="651"><subfield code="a">New York (State)</subfield><subfield code="z">Herkimer County.</subfield><subfield code="2">fast</subfield><subfield code="0">(OCoLC)fst01223285</subfield></datafield><datafield ind1=" " ind2=" " tag="752"><subfield code="a">United States</subfield><subfield code="b">New York</subfield><subfield code="c">Herkimer</subfield><subfield code="d">Middleville.</subfield></datafield><datafield ind1=" " ind2=" " tag="752"><subfield code="a">United States</subfield><subfield code="b">New York</subfield><subfield code="c">Herkimer</subfield><subfield code="d">Herkimer.</subfield></datafield><datafield ind1="0" ind2="0" tag="780"><subfield code="t">Herkimer County record (Herkimer, N.Y. : 1888)</subfield><subfield code="w">(DLC)sn 92061589</subfield><subfield code="w">(OCoLC)25733744</subfield></datafield><datafield ind1="0" ind2="0" tag="780"><subfield code="t">Herkimer County record (Herkimer, N.Y. : 1899)</subfield><subfield code="w">(DLC)sn 92061590</subfield><subfield code="w">(OCoLC)25733929</subfield></datafield></record>